@FOOTNOTE{Note1,key="Note1",note="as far as we know!"}
@FOOTNOTE{Note2,key="Note2",note=" These are referred to as Transition Matrix Elements in the theory of Markov Processes, and describe the likelyhood of \protect \textit  {transitioning} from one state to another. Quite generally, all Markov processes can be modeled as a matrix acting on a vector who's entries are probabilities to be in a given state. For more information on working with"}
@CONTROL{REVTEX41Control}
@CONTROL{apsrev41Control,author="08",editor="1",pages="0",title="",year="1"}
